% -----
% books
@book{navathe,
 title="Fundamentos de Sistemas de Bases de Datos",
 author="Ramez A. Elmasri and Shamkant B. Navathe",
 publisher="Prentice Hall",
 isbn="84-7829-051-6",
 year="2002"
}
@book{stal02,
 title = "Sistemas Operativos",
 author ="William Stallings",
 isbn="8420531774",
 edition="Forth",
 publisher ="Prentice Hall",
 year = "2002"
}
@book{parhami02,
 title="Introduction to Parallel Processing",
 author="Behrooz Parhami",
 publisher="Kluwer Academic Publishers",
 isbn="0306469642",
 year="2002"
}
@book{theart91,
 title="Art of Computer Systems Performance Analysis Techniques For Experimental Design 
Measurements Simulation And Modeling",
 author="Raj Jain",
 isbn="0471503363",
 publisher="John Wiley \& Sons",
 year="1991"
}
@book{cambridge00,
 title="Measuring Computer Performance: A Practitioner's Guide",
 author="David J. Lilja",
 isbn="0521641055",
 publisher="Cambridge University Press",
 year="2000"
}
@book{parmacs,
 author = {Ross A. Overbeek and James Boyle},
 title = {Portable Programs for Parallel Processors},
 isbn = {0030144043},
 publisher = {Saunders College Publishing},
 address = {Philadelphia, PA, USA},
 year = {1987}
}
@book{tanem98,
 author = {Andrew S. Tanenbaum and Albert S. Woodhull},
 title = "Sistemas Operativos, Diseño e Implementación",
 edition = "Second",
 publisher = "Prentice Hall",
 year =  "1998"
}

% --------------
% inproceedings: An article in a conference proceedings.
@inproceedings{Flyn96,
 author="Michael Flynn and K. W. Rudd",
 title="Parallel Architectures" ,
 booktitle="ACM Computing Surveys, Vol. 28, No. 1", 
 pages="67--70",
 month="March",
 year="1996"
}

@inproceedings{672375,
 author = {K. Cha, S. and Hwang, S. and  Kim, K. and Kwon, K.},
 title = {Cache-Conscious Concurrency Control of Main-Memory Indexes on Shared-Memory Multiprocessor Systems},
 booktitle = {VLDB '01: Proceedings of the 27th International Conference on Very Large Data Bases},
 isbn = {1-55860-804-4},
 pages = {181--190},
 publisher = {Morgan Kaufmann Publishers Inc.},
 address = {San Francisco, CA, USA},
 year = {2001},
}
@inproceedings{rao00making,
 author = "Rao, J. and Ross, K. A.",
 title = "Making B + -Trees Cache Conscious in Main Memory",
 booktitle = "{SIGMOD} Conference",
 pages = "475-486",
 year = "2000",
}
@inproceedings{lusk87,
 author = {E. L. Lusk and R. A. Overbeek},
 title = {Use of monitors in FORTRAN:  a tutorial on the barrier, self-scheduling DO-loop, and askfor monitors},
 booktitle = { on Parallel MIMD computation: HEP supercomputer and its applications},
 isbn = {0-262-11101-2},
 pages = {367--411},
 publisher = {Massachusetts Institute of Technology},
 address = {Cambridge, MA, USA},
 year = "1985",
}
@inproceedings{woo95splash,
 author = "Steven Cameron Woo and Moriyoshi Ohara and Evan Torrie and Jaswinder Pal Singh and Anoop Gupta",
 title = "The {SPLASH-2} Programs: Characterization and Methodological Considerations",
 booktitle = "Proceedings of the 22th International Symposium on Computer Architecture",
 address = "Santa Margherita Ligure, Italy",
 pages = "24--36",
 year = "1995" 
}

@inproceedings{pai97rsim,
  author = "V. Pai",
  title = "RSIM: An Execution-Driven Simulator for ILP-Based Shared-Memory Multiprocessors and Uniprocessors",
  booktitle ="3rd Workshop on Computer Architecture Education",
  year = 1997 
  }
@inproceedings{Sahelices00b,
 author = "B. Sahelices and D.R. Llanos and A. {De Dios}",
 title = "{Simulación de Arquitecturas De Memoria en Multicomputadores}",
 booktitle = "XI Jornadas de Paralelismo",
 institution = "Departamento de Arquitectura y Tecnología de Computadores. Universidad de Granada",
 ISBN = "84-699-3003-6",
 month = sep,
 year = 2000
}


% ---------
% articles: An article from a journal or magazine.
@article{Sahelices00a,
 author = "B. Sahelices and D.R. Llanos and A. {De Dios}",
 title = "Exploiting Parallelism in a Network of Workstations",
 journal = "ACM Computer Architecture News",
 ISSN = "0163-5964",
 month = jun,
 year = 2000
}

@article{Llanos00,
 author = "D.R. Llanos and B. Sahelices and A. {De Dios}",
 title = "{Reducing the Replacement Overhead on COMA Protocols for Workstation-based Architectures}",
 journal = "Lecture Notes in Computer Science",
 ISSN = "0302-9743",
 ISBN = "3-540-67956-1",
 publisher = "Springer Verlag",
 pages = {550-557},
 month = sep,
 year = "2000"
}


