@misc{tpc,
title="Transaction Processing Performance Council",
key="Transaction Processing Performance Council",
howpublished="\url{http://www.tpc.org/}"}
@misc{bastida,
author="Javier Bastida",
title="Apuntes de Arquitecturas Avanzadas",
school="Universidad de Valladolid",
year="2004"
}
@misc{introc,
title="Introducción al lenguaje C",
school="Centro de Formación del Profesorado e Innoveción Eduicativa",
key="Centro de Formación del Profesorado e Innoveción Eduicativa",
howpublished="\url{http://www.cpr2valladolid.com/tecno/cyr\_01/control/lengua\_C/intro.htm}"
}
@misc{pardo02,
 title="Apuntes de Arquitecturas avanzadas",
 author="Fernando Pardo Carpio",
 school="Universidad de Valencia",
 year="2002"
}
    
@misc{posix,
author="{Portable Applications Standards Committee of the IEEE Computer Society}",
howpublished ="\url{http://www.open-std.org/jtc1/sc22/WG15/}"
}
@misc{marques01,
author="María Mercedes Marqués",
title="{Apuntes de Ficheros y Bases de Datos}",
howpublished="\url{http://www3.uji.es/~mmarques/f47/apun/node27.html}"
}
@mastersthesis{vilho04,
author="Vilho Raatikka",
title ="Cache-Conscious Index Structures for Main-Memory Databases",
school="Universidad de Helsinki",
year="2004",
howpublished="\url{http://ethesis.helsinki.fi/julkaisut/mat/tieto/pg/raatikka/cachecon.pdf}"
}

